@article{SRS,
    author =       "Team 18",
    title =        "{Software Requirements Specification for Hairesthetics: A 3D Hairstyle Simulation iOS App}",
    year =         "2022"
}

@article{MG,
    author =       "Team 18",
    title =        "{Module Guide for Hairesthetics: A 3D Hairstyle Simulation iOS App}",
    year =         "2022"
}

@article{DP,
    author =       "Team 18",
    title =        "{Development Plan for Hairesthetics: A 3D Hairstyle Simulation iOS App}",
    year =         "2022"
}